@article{Reidemeister1927,
    author = {Kurt Reidemeister},
    year = {1927},
    month = {12},
    pages = {24-32},
    title = {Elementare Begründung der Knotentheorie},
    volume = {5},
    journal = {Abhandlungen aus dem Mathematischen Seminar der Universität Hamburg},
    doi = {10.1007/BF02952507}
}
@article{AlexanderBriggs1926,
    ISSN = {0003486X},
    URL = {http://www.jstor.org/stable/1968399},
    author = {J. W. Alexander and G. B. Briggs},
    journal = {Annals of Mathematics},
    number = {1/4},
    pages = {562--586},
    publisher = {Annals of Mathematics},
    title = {On Types of Knotted Curves},
    urldate = {2023-10-14},
    volume = {28},
    year = {1926}
}